% Файл библиографии для списка использованных источников

%@article{nlp_bolshakova_vorontsov,
%    title = "Автоматическая обработка текстов на естественном языке и %анализ данных [Электронный ресурс]",
%    author = {Е. И. Большакова},
%    credits = {Е. И. Большакова и др.},
%    url = "https://www.hse.ru/data/2017/08/12/1174382135/NLP_and_DA.pdf",
%    year = {2017},
%    urldate = {2023-10-27}
%}

@misc{stopwatch,
    title = {Документация класса System.Diagnostics.Stopwatch [Электронный ресурс]},
    url = {https://learn.microsoft.com/ru-ru/dotnet/api/system.diagnostics.stopwatch?view=net-8.0},
    urldate = {2025-05-05}
}

@misc{postgresql_pgdump,
	title = {Документация команды pgdump в PostgreSQL [Электронный ресурс]},
	url = {https://www.postgresql.org/docs/current/app-pgdump.html },
	urldate = {2025-05-05}
}

@misc{bogus,
	title = {Описание библиотеки Bogus [Электронный ресурс]},
	url = {https://www.nuget.org/packages/bogus},
	urldate = {2025-05-05}
}

@misc{testcontainers,
	title = {Документация Testcontainers.Postgresql [Электронный ресурс]},
	url = {https://dotnet.testcontainers.org/modules/postgres/},
	urldate = {2025-05-05}
}

@misc{quartznet,
	title = {Документация библиотеки Quartz.NET [Электронный ресурс]},
	url = {https://www.quartz-scheduler.net/documentation/},
	urldate = {2025-05-05}
}

@misc{magicknet,
	title = {Документация библиотеки Magick.NET [Электронный ресурс]},
	url = {https://github.com/dlemstra/Magick.NET/tree/main/docs},
	urldate = {2025-05-06}
}

@misc{thread_native,
    title = {System.Threading.Thread [Электронный ресурс]},
    url = {https://learn.microsoft.com/ru-ru/dotnet/api/system.threading.thread?view=net-8.0},
    urldate = {2024-11-05}
}

@misc{zbuffer_popular_opengl,
	title = {Определение Z-буфера в OpenGL [Электронный ресурс]},
	url = {https://www.khronos.org/opengl/wiki/FAQ/Depth_Buffer},
	urldate = {2024-11-15}
}

@misc{postgresql,
	title={Документация PostgreSQL [Электронный ресурс]},
	url = {https://www.postgresql.org/docs/},
	urldate = {2025-05-05}
}

@misc{zbuffer_popular_directx,
	title = {Определение Z-буфера в Direct3D 9 [Электронный ресурс]},
	url = {https://learn.microsoft.com/ru-ru/windows/win32/direct3d9/depth-buffers},
	urldate = {2024-11-15}
}

%@book{ronzhin_iface,
%    author = {Ronzhin, A. L. and Karpov, A. A. and Lee, I.V.},
%    title = {Speech and multimodal interfaces},
%    year = {2006},
%    publisher = {М.: Наука},
%}

@misc{intel,
    title = {Спецификация процессора Intel Core i7 [Электронный ресурс]},
    url = {https://www.intel.com/content/www/us/en/products/sku/97129/intel-core-i77700k-processor-8m-cache-up-to-4-50-ghz/specifications.html},
    urldate = {2024-10-15}
}

@misc{intel_2,
	title = {Спецификация процессора  Intel Core Ultra 7 155H},
	url = {https://www.intel.com/content/www/us/en/products/sku/236847/intel-core-ultra-7-processor-155h-24m-cache-up-to-4-80-ghz/specifications.html},
    urldate = {2024-11-15}
}

%@misc{winforms,
%      title = {Документация Windows Forms для .NET 6.0},
%      url = {https://learn.microsoft.com/ru-ru/dotnet/desktop/winforms/?view=netdesktop-6.0},
%      urldate = {2024-11-15}
%}